%% This BibTeX bibliography file was created using BibDesk.
%% http://bibdesk.sourceforge.net/


%% Created for Juste Raimbault at 2014-12-08 02:24:28 +0100 


%% Saved with string encoding Occidental (ISO Latin 1) 



@inproceedings{tailleur2009simulation,
	Author = {Tailleur, Julien and Lecomte, Vivien and Marro, Joaquin and Garrido, Pedro L and Hurtado, Pablo I},
	Booktitle = {Aip Conference Proceedings},
	Date-Added = {2014-09-24 23:12:12 +0000},
	Date-Modified = {2014-09-24 23:12:12 +0000},
	Pages = {212},
	Title = {Simulation of large deviation functions using population dynamics},
	Volume = {1091},
	Year = {2009},
	Bdsk-File-1 = {YnBsaXN0MDDUAQIDBAUGJCVYJHZlcnNpb25YJG9iamVjdHNZJGFyY2hpdmVyVCR0b3ASAAGGoKgHCBMUFRYaIVUkbnVsbNMJCgsMDRBWJGNsYXNzV05TLmtleXNaTlMub2JqZWN0c4AHog4PgAKAA6IREoAEgAVccmVsYXRpdmVQYXRoWWFsaWFzRGF0YV8QVy4uLy4uLy4uL1RoZW9yZXRpY2FsQW5hbHlzaXNDb21wbGV4U3lzdGVtcy9CaWJsaW8vTGFyZ2VEZXZfRGlzY3JldGVUaW1lXzA4MTEuMTA0MXYxLnBkZtIJFxgZV05TLmRhdGGABk8RAjoAAAAAAjoAAgAADE1hY2ludG9zaCBIRAAAAAAAAAAAAAAAAAAAAMpBBgxIKwAAAQ+tkx9MYXJnZURldl9EaXNjcmV0ZVRpIzEyMTI2ODQucGRmAAAAAAAAAAAAAAAAAAAAAAAAAAAAAAAAAAAAAAAAAAABISaEznIjswAAAAAAAAAAAAMAAwAACSAAAAAAAAAAAAAAAAAAAAAGQmlibGlvABAACAAAykDp7AAAABEACAAAznIHkwAAAAEAGAEPrZMBCArGAAY1iAAFAhUABQIUAAC+7AACAHVNYWNpbnRvc2ggSEQ6VXNlcnM6AEp1c3RlOgBEb2N1bWVudHM6AENvdXJzOgBUaGVvcmV0aWNhbEFuYWx5c2lzQ29tcCMxMDgwQUM2OgBCaWJsaW86AExhcmdlRGV2X0Rpc2NyZXRlVGkjMTIxMjY4NC5wZGYAAA4ATAAlAEwAYQByAGcAZQBEAGUAdgBfAEQAaQBzAGMAcgBlAHQAZQBUAGkAbQBlAF8AMAA4ADEAMQAuADEAMAA0ADEAdgAxAC4AcABkAGYADwAaAAwATQBhAGMAaQBuAHQAbwBzAGgAIABIAEQAEgBqVXNlcnMvSnVzdGUvRG9jdW1lbnRzL0NvdXJzL1RoZW9yZXRpY2FsQW5hbHlzaXNDb21wbGV4U3lzdGVtcy9CaWJsaW8vTGFyZ2VEZXZfRGlzY3JldGVUaW1lXzA4MTEuMTA0MXYxLnBkZgATAAEvAAAVAAIADP//AADSGxwdHlokY2xhc3NuYW1lWCRjbGFzc2VzXU5TTXV0YWJsZURhdGGjHR8gVk5TRGF0YVhOU09iamVjdNIbHCIjXE5TRGljdGlvbmFyeaIiIF8QD05TS2V5ZWRBcmNoaXZlctEmJ1Ryb290gAEACAARABoAIwAtADIANwBAAEYATQBUAFwAZwBpAGwAbgBwAHMAdQB3AIQAjgDoAO0A9QD3AzUDOgNFA04DXANgA2cDcAN1A4IDhQOXA5oDnwAAAAAAAAIBAAAAAAAAACgAAAAAAAAAAAAAAAAAAAOh}}

@techreport{bourcet2014vlib,
	Author = {Marie Bourcet and Juliette Lesturgie and Thibaud Allain and Cristophe Etienne and Arthur Sebes and Juste Raimbault},
	Date-Added = {2014-09-24 11:12:38 +0000},
	Date-Modified = {2014-09-24 11:14:21 +0000},
	Institution = {ENPC, D{'e}partement VET},
	Title = {Le V{\'e}lib comme choix de mode},
	Year = {June 2014}}

@inproceedings{raimbault2014user,
	Author = {Juste Raimbault},
	Booktitle = {Proceedings of the Conference on Complex Systems Design and Management. CSDM, Paris 12-14 nov. 2014.},
	Date-Added = {2014-09-24 10:22:53 +0000},
	Date-Modified = {2014-09-24 10:25:13 +0000},
	Title = {User-based solutions for increasing level of service in bike-sharing User-based solutions for increasing level of service in bike-sharing transportation systems},
	Year = {2014}}

@article{crabtree2012modelling,
	Author = {Crabtree, Stefani A and Kohler, Timothy A},
	Date-Added = {2014-09-24 10:03:58 +0000},
	Date-Modified = {2014-09-24 10:03:58 +0000},
	Journal = {Ecological Modelling},
	Pages = {2--4},
	Publisher = {Elsevier},
	Title = {Modelling across millennia: Interdisciplinary paths to ancient socio-ecological systems},
	Volume = {241},
	Year = {2012}}

@article{parkin2008estimation,
	Author = {Parkin, John and Wardman, Mark and Page, Matthew},
	Date-Added = {2014-09-23 08:03:01 +0000},
	Date-Modified = {2014-09-23 08:03:01 +0000},
	Journal = {Transportation},
	Number = {1},
	Pages = {93--109},
	Publisher = {Springer},
	Title = {Estimation of the determinants of bicycle mode share for the journey to work using census data},
	Volume = {35},
	Year = {2008},
	Bdsk-File-1 = {YnBsaXN0MDDUAQIDBAUGJCVYJHZlcnNpb25YJG9iamVjdHNZJGFyY2hpdmVyVCR0b3ASAAGGoKgHCBMUFRYaIVUkbnVsbNMJCgsMDRBWJGNsYXNzV05TLmtleXNaTlMub2JqZWN0c4AHog4PgAKAA6IREoAEgAVccmVsYXRpdmVQYXRoWWFsaWFzRGF0YV8QRURvY3MvRXN0aW1hdGlvbkJpa2VTaGFyZUNlbnN1c0RhdGFfUGFya2luX3BhcGVyX3dpdGhfY292ZXJfc2VjdXJlLnBkZtIJFxgZV05TLmRhdGGABk8RApoAAAAAApoAAgAADE1hY2ludG9zaCBIRAAAAAAAAAAAAAAAAAAAAMpBBgxIKwAAAY3M0B9Fc3RpbWF0aW9uQmlrZVNoYXJlIzFGMUJBQTkucGRmAAAAAAAAAAAAAAAAAAAAAAAAAAAAAAAAAAAAAAAAAAAB8bqp0Eb12wAAAAAAAAAAAAEAAwAACSAAAAAAAAAAAAAAAAAAAAAERG9jcwAQAAgAAMpA6ewAAAARAAgAANBG2bsAAAABACABjczQAY3MyAHyNuwBjbi0AAY1iAAFAhUABQIUAAC+7AACAHtNYWNpbnRvc2ggSEQ6VXNlcnM6AEp1c3RlOgBEb2N1bWVudHM6AENvdXJzOgBQSUw6AERpc2NyZXRlQ2hvaWNlc0Jpa2VTaGFyaW5nOgBCaWJsaW86AERvY3M6AEVzdGltYXRpb25CaWtlU2hhcmUjMUYxQkFBOS5wZGYAAA4AggBAAEUAcwB0AGkAbQBhAHQAaQBvAG4AQgBpAGsAZQBTAGgAYQByAGUAQwBlAG4AcwB1AHMARABhAHQAYQBfAFAAYQByAGsAaQBuAF8AcABhAHAAZQByAF8AdwBpAHQAaABfAGMAbwB2AGUAcgBfAHMAZQBjAHUAcgBlAC4AcABkAGYADwAaAAwATQBhAGMAaQBuAHQAbwBzAGgAIABIAEQAEgCHVXNlcnMvSnVzdGUvRG9jdW1lbnRzL0NvdXJzL1BJTC9EaXNjcmV0ZUNob2ljZXNCaWtlU2hhcmluZy9CaWJsaW8vRG9jcy9Fc3RpbWF0aW9uQmlrZVNoYXJlQ2Vuc3VzRGF0YV9QYXJraW5fcGFwZXJfd2l0aF9jb3Zlcl9zZWN1cmUucGRmAAATAAEvAAAVAAIADP//AADSGxwdHlokY2xhc3NuYW1lWCRjbGFzc2VzXU5TTXV0YWJsZURhdGGjHR8gVk5TRGF0YVhOU09iamVjdNIbHCIjXE5TRGljdGlvbmFyeaIiIF8QD05TS2V5ZWRBcmNoaXZlctEmJ1Ryb290gAEACAARABoAIwAtADIANwBAAEYATQBUAFwAZwBpAGwAbgBwAHMAdQB3AIQAjgDWANsA4wDlA4MDiAOTA5wDqgOuA7UDvgPDA9AD0wPlA+gD7QAAAAAAAAIBAAAAAAAAACgAAAAAAAAAAAAAAAAAAAPv}}

@article{crowe2010comparison,
	Author = {Crowe, Brenda J and Lipkovich, Ilya A and Wang, Ouhong},
	Date-Added = {2014-09-22 13:17:33 +0000},
	Date-Modified = {2014-09-22 13:17:33 +0000},
	Journal = {Pharmaceutical statistics},
	Number = {4},
	Pages = {269--279},
	Publisher = {Wiley Online Library},
	Title = {Comparison of several imputation methods for missing baseline data in propensity scores analysis of binary outcome},
	Volume = {9},
	Year = {2010},
	Bdsk-File-1 = {YnBsaXN0MDDUAQIDBAUGJCVYJHZlcnNpb25YJG9iamVjdHNZJGFyY2hpdmVyVCR0b3ASAAGGoKgHCBMUFRYaIVUkbnVsbNMJCgsMDRBWJGNsYXNzV05TLmtleXNaTlMub2JqZWN0c4AHog4PgAKAA6IREoAEgAVccmVsYXRpdmVQYXRoWWFsaWFzRGF0YV8QPS4uLy4uLy4uL1RoZXJhcGV1dGljRXZhbHVhdGlvbi9CaWJsaW8vSEtDb3Vyc2U2L2Nyb3dlMjAxMC5wZGbSCRcYGVdOUy5kYXRhgAZPEQHmAAAAAAHmAAIAAAxNYWNpbnRvc2ggSEQAAAAAAAAAAAAAAAAAAADKQQYMSCsAAAEl6GwNY3Jvd2UyMDEwLnBkZgAAAAAAAAAAAAAAAAAAAAAAAAAAAAAAAAAAAAAAAAAAAAAAAAAAAAAAAAAAAAAAAAAAAScjS857GC8AAAAAAAAAAAADAAQAAAkgAAAAAAAAAAAAAAAAAAAACUhLQ291cnNlNgAAEAAIAADKQOnsAAAAEQAIAADOevwPAAAAAQAcASXobAEHYNABB2DJAAY1iAAFAhUABQIUAAC+7AACAGRNYWNpbnRvc2ggSEQ6VXNlcnM6AEp1c3RlOgBEb2N1bWVudHM6AENvdXJzOgBUaGVyYXBldXRpY0V2YWx1YXRpb246AEJpYmxpbzoASEtDb3Vyc2U2OgBjcm93ZTIwMTAucGRmAA4AHAANAGMAcgBvAHcAZQAyADAAMQAwAC4AcABkAGYADwAaAAwATQBhAGMAaQBuAHQAbwBzAGgAIABIAEQAEgBQVXNlcnMvSnVzdGUvRG9jdW1lbnRzL0NvdXJzL1RoZXJhcGV1dGljRXZhbHVhdGlvbi9CaWJsaW8vSEtDb3Vyc2U2L2Nyb3dlMjAxMC5wZGYAEwABLwAAFQACAAz//wAA0hscHR5aJGNsYXNzbmFtZVgkY2xhc3Nlc11OU011dGFibGVEYXRhox0fIFZOU0RhdGFYTlNPYmplY3TSGxwiI1xOU0RpY3Rpb25hcnmiIiBfEA9OU0tleWVkQXJjaGl2ZXLRJidUcm9vdIABAAgAEQAaACMALQAyADcAQABGAE0AVABcAGcAaQBsAG4AcABzAHUAdwCEAI4AzgDTANsA3QLHAswC1wLgAu4C8gL5AwIDBwMUAxcDKQMsAzEAAAAAAAACAQAAAAAAAAAoAAAAAAAAAAAAAAAAAAADMw==}}

@article{mitra2010comparison,
	Author = {Mitra, Robin and Reiter, Jerome P},
	Date-Added = {2014-09-22 13:17:33 +0000},
	Date-Modified = {2014-09-22 13:17:33 +0000},
	Publisher = {University of Southampton},
	Title = {A comparison of two methods of estimating propensity scores after multiple imputation},
	Year = {2010},
	Bdsk-File-1 = {YnBsaXN0MDDUAQIDBAUGJCVYJHZlcnNpb25YJG9iamVjdHNZJGFyY2hpdmVyVCR0b3ASAAGGoKgHCBMUFRYaIVUkbnVsbNMJCgsMDRBWJGNsYXNzV05TLmtleXNaTlMub2JqZWN0c4AHog4PgAKAA6IREoAEgAVccmVsYXRpdmVQYXRoWWFsaWFzRGF0YV8QOy4uLy4uLy4uL1RoZXJhcGV1dGljRXZhbHVhdGlvbi9CaWJsaW8vSEtDb3Vyc2U2L21pdHJhMTIucGRm0gkXGBlXTlMuZGF0YYAGTxEB3gAAAAAB3gACAAAMTWFjaW50b3NoIEhEAAAAAAAAAAAAAAAAAAAAykEGDEgrAAABJehsC21pdHJhMTIucGRmAAAAAAAAAAAAAAAAAAAAAAAAAAAAAAAAAAAAAAAAAAAAAAAAAAAAAAAAAAAAAAAAAAAAAAEl8gnOexh9AAAAAAAAAAAAAwAEAAAJIAAAAAAAAAAAAAAAAAAAAAlIS0NvdXJzZTYAABAACAAAykDp7AAAABEACAAAznr8XQAAAAEAHAEl6GwBB2DQAQdgyQAGNYgABQIVAAUCFAAAvuwAAgBiTWFjaW50b3NoIEhEOlVzZXJzOgBKdXN0ZToARG9jdW1lbnRzOgBDb3VyczoAVGhlcmFwZXV0aWNFdmFsdWF0aW9uOgBCaWJsaW86AEhLQ291cnNlNjoAbWl0cmExMi5wZGYADgAYAAsAbQBpAHQAcgBhADEAMgAuAHAAZABmAA8AGgAMAE0AYQBjAGkAbgB0AG8AcwBoACAASABEABIATlVzZXJzL0p1c3RlL0RvY3VtZW50cy9Db3Vycy9UaGVyYXBldXRpY0V2YWx1YXRpb24vQmlibGlvL0hLQ291cnNlNi9taXRyYTEyLnBkZgATAAEvAAAVAAIADP//AADSGxwdHlokY2xhc3NuYW1lWCRjbGFzc2VzXU5TTXV0YWJsZURhdGGjHR8gVk5TRGF0YVhOU09iamVjdNIbHCIjXE5TRGljdGlvbmFyeaIiIF8QD05TS2V5ZWRBcmNoaXZlctEmJ1Ryb290gAEACAARABoAIwAtADIANwBAAEYATQBUAFwAZwBpAGwAbgBwAHMAdQB3AIQAjgDMANEA2QDbAr0CwgLNAtYC5ALoAu8C+AL9AwoDDQMfAyIDJwAAAAAAAAIBAAAAAAAAACgAAAAAAAAAAAAAAAAAAAMp}}

@book{rubin2009multiple,
	Author = {Rubin, Donald B},
	Date-Added = {2014-09-22 13:17:33 +0000},
	Date-Modified = {2014-09-22 13:17:33 +0000},
	Publisher = {Wiley. com},
	Title = {Multiple imputation for nonresponse in surveys},
	Volume = {307},
	Year = {2009}}

@article{midgley2009role,
	Author = {Midgley, Peter},
	Date-Added = {2014-09-22 13:13:49 +0000},
	Date-Modified = {2014-09-22 13:13:49 +0000},
	Journal = {JOURNEYS},
	Pages = {23--31},
	Title = {The role of smart bike-sharing systems in urban mobility},
	Volume = {2},
	Year = {2009},
	Bdsk-File-1 = {YnBsaXN0MDDUAQIDBAUGJCVYJHZlcnNpb25YJG9iamVjdHNZJGFyY2hpdmVyVCR0b3ASAAGGoKgHCBMUFRYaIVUkbnVsbNMJCgsMDRBWJGNsYXNzV05TLmtleXNaTlMub2JqZWN0c4AHog4PgAKAA6IREoAEgAVccmVsYXRpdmVQYXRoWWFsaWFzRGF0YV8QRC4uLy4uLy4uLy4uL0NvbXBsZXhTeXN0ZW1zL0NpdHlCaWtlcy9CaWJsaW8vRG9jcy8xMi1sdGEtam91cm5leXMucGRm0gkXGBlXTlMuZGF0YYAGTxEB6AAAAAAB6AACAAAMTWFjaW50b3NoIEhEAAAAAAAAAAAAAAAAAAAAykEGDEgrAAABHTC9EzEyLWx0YS1qb3VybmV5cy5wZGYAAAAAAAAAAAAAAAAAAAAAAAAAAAAAAAAAAAAAAAAAAAAAAAAAAAAAAAAAAAElp3vOevqoAAAAAAAAAAAABAAFAAAJIAAAAAAAAAAAAAAAAAAAAAREb2NzABAACAAAykDp7AAAABEACAAAznreiAAAAAEAHAEdML0BHTC7ARJOcACQwikABQIVAAUCFAAAvuwAAgBiTWFjaW50b3NoIEhEOlVzZXJzOgBKdXN0ZToARG9jdW1lbnRzOgBDb21wbGV4U3lzdGVtczoAQ2l0eUJpa2VzOgBCaWJsaW86AERvY3M6ADEyLWx0YS1qb3VybmV5cy5wZGYADgAoABMAMQAyAC0AbAB0AGEALQBqAG8AdQByAG4AZQB5AHMALgBwAGQAZgAPABoADABNAGEAYwBpAG4AdABvAHMAaAAgAEgARAASAE5Vc2Vycy9KdXN0ZS9Eb2N1bWVudHMvQ29tcGxleFN5c3RlbXMvQ2l0eUJpa2VzL0JpYmxpby9Eb2NzLzEyLWx0YS1qb3VybmV5cy5wZGYAEwABLwAAFQACAAz//wAA0hscHR5aJGNsYXNzbmFtZVgkY2xhc3Nlc11OU011dGFibGVEYXRhox0fIFZOU0RhdGFYTlNPYmplY3TSGxwiI1xOU0RpY3Rpb25hcnmiIiBfEA9OU0tleWVkQXJjaGl2ZXLRJidUcm9vdIABAAgAEQAaACMALQAyADcAQABGAE0AVABcAGcAaQBsAG4AcABzAHUAdwCEAI4A1QDaAOIA5ALQAtUC4ALpAvcC+wMCAwsDEAMdAyADMgM1AzoAAAAAAAACAQAAAAAAAAAoAAAAAAAAAAAAAAAAAAADPA==}}

@incollection{ben1999discrete,
	Author = {Ben-Akiva, Moshe and Bierlaire, Michel},
	Booktitle = {Handbook of transportation science},
	Date-Added = {2014-09-22 10:40:55 +0000},
	Date-Modified = {2014-09-22 10:40:55 +0000},
	Pages = {5--33},
	Publisher = {Springer},
	Title = {Discrete choice methods and their applications to short term travel decisions},
	Year = {1999}}

@inproceedings{bierlaire2006biogeme,
	Author = {Bierlaire, Michel},
	Booktitle = {Swiss Transport Research Conference},
	Date-Added = {2014-09-22 10:37:38 +0000},
	Date-Modified = {2014-09-22 10:37:38 +0000},
	Number = {TRANSP-OR-CONF-2006-048},
	Title = {BIOGEME: a free package for the estimation of discrete choice models},
	Year = {2006}}

@article{fishman2013bike,
	Author = {Fishman, Elliot and Washington, Simon and Haworth, Narelle},
	Date-Added = {2014-03-27 08:43:04 +0000},
	Date-Modified = {2014-03-27 08:43:04 +0000},
	Journal = {Transport Reviews},
	Number = {2},
	Pages = {148--165},
	Publisher = {Taylor \& Francis},
	Title = {Bike Share: A Synthesis of the Literature},
	Volume = {33},
	Year = {2013},
	Bdsk-File-1 = {YnBsaXN0MDDUAQIDBAUGJCVYJHZlcnNpb25YJG9iamVjdHNZJGFyY2hpdmVyVCR0b3ASAAGGoKgHCBMUFRYaIVUkbnVsbNMJCgsMDRBWJGNsYXNzV05TLmtleXNaTlMub2JqZWN0c4AHog4PgAKAA6IREoAEgAVccmVsYXRpdmVQYXRoWWFsaWFzRGF0YV8QNkRvY3MvTGl0dGVyYXR1cmVTeW50aGVzaXNfMDE0NDE2NDclMkUyMDEzJTJFNzc1NjEyLnBkZtIJFxgZV05TLmRhdGGABk8RAmwAAAAAAmwAAgAADE1hY2ludG9zaCBIRAAAAAAAAAAAAAAAAAAAAMpBBgxIKwAAAY3M0B9MaXR0ZXJhdHVyZVN5bnRoZXNpIzE5MzkxQUUucGRmAAAAAAAAAAAAAAAAAAAAAAAAAAAAAAAAAAAAAAAAAAABk5Guz1mirwAAAAAAAAAAAAEAAwAACSAAAAAAAAAAAAAAAAAAAAAERG9jcwAQAAgAAMpA6ewAAAARAAgAAM9ZlJ8AAAABACABjczQAY3MyAHyNuwBjbi0AAY1iAAFAhUABQIUAAC+7AACAHtNYWNpbnRvc2ggSEQ6VXNlcnM6AEp1c3RlOgBEb2N1bWVudHM6AENvdXJzOgBQSUw6AERpc2NyZXRlQ2hvaWNlc0Jpa2VTaGFyaW5nOgBCaWJsaW86AERvY3M6AExpdHRlcmF0dXJlU3ludGhlc2kjMTkzOTFBRS5wZGYAAA4AZAAxAEwAaQB0AHQAZQByAGEAdAB1AHIAZQBTAHkAbgB0AGgAZQBzAGkAcwBfADAAMQA0ADQAMQA2ADQANwAlADIARQAyADAAMQAzACUAMgBFADcANwA1ADYAMQAyAC4AcABkAGYADwAaAAwATQBhAGMAaQBuAHQAbwBzAGgAIABIAEQAEgB4VXNlcnMvSnVzdGUvRG9jdW1lbnRzL0NvdXJzL1BJTC9EaXNjcmV0ZUNob2ljZXNCaWtlU2hhcmluZy9CaWJsaW8vRG9jcy9MaXR0ZXJhdHVyZVN5bnRoZXNpc18wMTQ0MTY0NyUyRTIwMTMlMkU3NzU2MTIucGRmABMAAS8AABUAAgAM//8AANIbHB0eWiRjbGFzc25hbWVYJGNsYXNzZXNdTlNNdXRhYmxlRGF0YaMdHyBWTlNEYXRhWE5TT2JqZWN00hscIiNcTlNEaWN0aW9uYXJ5oiIgXxAPTlNLZXllZEFyY2hpdmVy0SYnVHJvb3SAAQAIABEAGgAjAC0AMgA3AEAARgBNAFQAXABnAGkAbABuAHAAcwB1AHcAhACOAMcAzADUANYDRgNLA1YDXwNtA3EDeAOBA4YDkwOWA6gDqwOwAAAAAAAAAgEAAAAAAAAAKAAAAAAAAAAAAAAAAAAAA7I=}}

@incollection{rainer2013balancing,
	Author = {Rainer-Harbach, Marian and Papazek, Petrina and Hu, Bin and Raidl, G{\"u}nther R},
	Booktitle = {Evolutionary Computation in Combinatorial Optimization},
	Date-Added = {2014-03-20 07:51:36 +0000},
	Date-Modified = {2014-03-20 07:51:36 +0000},
	Pages = {121--132},
	Publisher = {Springer},
	Title = {Balancing bicycle sharing systems: A variable neighborhood search approach},
	Year = {2013},
	Bdsk-File-1 = {YnBsaXN0MDDUAQIDBAUGJCVYJHZlcnNpb25YJG9iamVjdHNZJGFyY2hpdmVyVCR0b3ASAAGGoKgHCBMUFRYaIVUkbnVsbNMJCgsMDRBWJGNsYXNzV05TLmtleXNaTlMub2JqZWN0c4AHog4PgAKAA6IREoAEgAVccmVsYXRpdmVQYXRoWWFsaWFzRGF0YV8QMERvY3MvVmFyaWFibGVOZWlnaGJvcmhvb2RfcmFpbmVyLWhhcmJhY2gtMTNhLnBkZtIJFxgZV05TLmRhdGGABk8RAloAAAAAAloAAgAADE1hY2ludG9zaCBIRAAAAAAAAAAAAAAAAAAAAMpBBgxIKwAAAY3M0B9WYXJpYWJsZU5laWdoYm9yaG9vIzE4RkFEMDQucGRmAAAAAAAAAAAAAAAAAAAAAAAAAAAAAAAAAAAAAAAAAAABj60Ez1BcdQAAAAAAAAAAAAEAAwAACSAAAAAAAAAAAAAAAAAAAAAERG9jcwAQAAgAAMpA6ewAAAARAAgAAM9QTmUAAAABACABjczQAY3MyAHyNuwBjbi0AAY1iAAFAhUABQIUAAC+7AACAHtNYWNpbnRvc2ggSEQ6VXNlcnM6AEp1c3RlOgBEb2N1bWVudHM6AENvdXJzOgBQSUw6AERpc2NyZXRlQ2hvaWNlc0Jpa2VTaGFyaW5nOgBCaWJsaW86AERvY3M6AFZhcmlhYmxlTmVpZ2hib3Job28jMThGQUQwNC5wZGYAAA4AWAArAFYAYQByAGkAYQBiAGwAZQBOAGUAaQBnAGgAYgBvAHIAaABvAG8AZABfAHIAYQBpAG4AZQByAC0AaABhAHIAYgBhAGMAaAAtADEAMwBhAC4AcABkAGYADwAaAAwATQBhAGMAaQBuAHQAbwBzAGgAIABIAEQAEgByVXNlcnMvSnVzdGUvRG9jdW1lbnRzL0NvdXJzL1BJTC9EaXNjcmV0ZUNob2ljZXNCaWtlU2hhcmluZy9CaWJsaW8vRG9jcy9WYXJpYWJsZU5laWdoYm9yaG9vZF9yYWluZXItaGFyYmFjaC0xM2EucGRmABMAAS8AABUAAgAM//8AANIbHB0eWiRjbGFzc25hbWVYJGNsYXNzZXNdTlNNdXRhYmxlRGF0YaMdHyBWTlNEYXRhWE5TT2JqZWN00hscIiNcTlNEaWN0aW9uYXJ5oiIgXxAPTlNLZXllZEFyY2hpdmVy0SYnVHJvb3SAAQAIABEAGgAjAC0AMgA3AEAARgBNAFQAXABnAGkAbABuAHAAcwB1AHcAhACOAMEAxgDOANADLgMzAz4DRwNVA1kDYANpA24DewN+A5ADkwOYAAAAAAAAAgEAAAAAAAAAKAAAAAAAAAAAAAAAAAAAA5o=}}

@article{raviv2013static,
	Author = {Raviv, Tal and Tzur, Michal and Forma, Iris A},
	Date-Added = {2014-03-20 07:50:34 +0000},
	Date-Modified = {2014-03-20 07:50:34 +0000},
	Journal = {EURO Journal on Transportation and Logistics},
	Number = {3},
	Pages = {187--229},
	Publisher = {Springer},
	Title = {Static repositioning in a bike-sharing system: models and solution approaches},
	Volume = {2},
	Year = {2013},
	Bdsk-File-1 = {YnBsaXN0MDDUAQIDBAUGJCVYJHZlcnNpb25YJG9iamVjdHNZJGFyY2hpdmVyVCR0b3ASAAGGoKgHCBMUFRYaIVUkbnVsbNMJCgsMDRBWJGNsYXNzV05TLmtleXNaTlMub2JqZWN0c4AHog4PgAKAA6IREoAEgAVccmVsYXRpdmVQYXRoWWFsaWFzRGF0YV8QP0RvY3MvU3RhdGljUmVwb3NpdGlvbm5pbmdfYXJ0JTNBMTAuMTAwNyUyRnMxMzY3Ni0wMTItMDAxNy02LnBkZtIJFxgZV05TLmRhdGGABk8RAogAAAAAAogAAgAADE1hY2ludG9zaCBIRAAAAAAAAAAAAAAAAAAAAMpBBgxIKwAAAY3M0B9TdGF0aWNSZXBvc2l0aW9ubmluIzE4RkFCQUUucGRmAAAAAAAAAAAAAAAAAAAAAAAAAAAAAAAAAAAAAAAAAAABj6uuz1BcMQAAAAAAAAAAAAEAAwAACSAAAAAAAAAAAAAAAAAAAAAERG9jcwAQAAgAAMpA6ewAAAARAAgAAM9QTiEAAAABACABjczQAY3MyAHyNuwBjbi0AAY1iAAFAhUABQIUAAC+7AACAHtNYWNpbnRvc2ggSEQ6VXNlcnM6AEp1c3RlOgBEb2N1bWVudHM6AENvdXJzOgBQSUw6AERpc2NyZXRlQ2hvaWNlc0Jpa2VTaGFyaW5nOgBCaWJsaW86AERvY3M6AFN0YXRpY1JlcG9zaXRpb25uaW4jMThGQUJBRS5wZGYAAA4AdgA6AFMAdABhAHQAaQBjAFIAZQBwAG8AcwBpAHQAaQBvAG4AbgBpAG4AZwBfAGEAcgB0ACUAMwBBADEAMAAuADEAMAAwADcAJQAyAEYAcwAxADMANgA3ADYALQAwADEAMgAtADAAMAAxADcALQA2AC4AcABkAGYADwAaAAwATQBhAGMAaQBuAHQAbwBzAGgAIABIAEQAEgCBVXNlcnMvSnVzdGUvRG9jdW1lbnRzL0NvdXJzL1BJTC9EaXNjcmV0ZUNob2ljZXNCaWtlU2hhcmluZy9CaWJsaW8vRG9jcy9TdGF0aWNSZXBvc2l0aW9ubmluZ19hcnQlM0ExMC4xMDA3JTJGczEzNjc2LTAxMi0wMDE3LTYucGRmAAATAAEvAAAVAAIADP//AADSGxwdHlokY2xhc3NuYW1lWCRjbGFzc2VzXU5TTXV0YWJsZURhdGGjHR8gVk5TRGF0YVhOU09iamVjdNIbHCIjXE5TRGljdGlvbmFyeaIiIF8QD05TS2V5ZWRBcmNoaXZlctEmJ1Ryb290gAEACAARABoAIwAtADIANwBAAEYATQBUAFwAZwBpAGwAbgBwAHMAdQB3AIQAjgDQANUA3QDfA2sDcAN7A4QDkgOWA50DpgOrA7gDuwPNA9AD1QAAAAAAAAIBAAAAAAAAACgAAAAAAAAAAAAAAAAAAAPX}}

@book{contardo2012balancing,
	Author = {Contardo, Claudio and Morency, Catherine and Rousseau, Louis-Martin},
	Date-Added = {2014-03-20 07:49:12 +0000},
	Date-Modified = {2014-03-20 07:49:12 +0000},
	Publisher = {CIRRELT},
	Title = {Balancing a dynamic public bike-sharing system},
	Volume = {4},
	Year = {2012},
	Bdsk-File-1 = {YnBsaXN0MDDUAQIDBAUGJCVYJHZlcnNpb25YJG9iamVjdHNZJGFyY2hpdmVyVCR0b3ASAAGGoKgHCBMUFRYaIVUkbnVsbNMJCgsMDRBWJGNsYXNzV05TLmtleXNaTlMub2JqZWN0c4AHog4PgAKAA6IREoAEgAVccmVsYXRpdmVQYXRoWWFsaWFzRGF0YV8QLERvY3MvQmFsYW5jaW5nQmlrZVN5c3RlbV9DSVJSRUxULTIwMTItMDkucGRm0gkXGBlXTlMuZGF0YYAGTxECTgAAAAACTgACAAAMTWFjaW50b3NoIEhEAAAAAAAAAAAAAAAAAAAAykEGDEgrAAABjczQH0JhbGFuY2luZ0Jpa2VTeXN0ZW0jMThGQTc5MC5wZGYAAAAAAAAAAAAAAAAAAAAAAAAAAAAAAAAAAAAAAAAAAAGPp5DPUFuEAAAAAAAAAAAAAQADAAAJIAAAAAAAAAAAAAAAAAAAAAREb2NzABAACAAAykDp7AAAABEACAAAz1BNdAAAAAEAIAGNzNABjczIAfI27AGNuLQABjWIAAUCFQAFAhQAAL7sAAIAe01hY2ludG9zaCBIRDpVc2VyczoASnVzdGU6AERvY3VtZW50czoAQ291cnM6AFBJTDoARGlzY3JldGVDaG9pY2VzQmlrZVNoYXJpbmc6AEJpYmxpbzoARG9jczoAQmFsYW5jaW5nQmlrZVN5c3RlbSMxOEZBNzkwLnBkZgAADgBQACcAQgBhAGwAYQBuAGMAaQBuAGcAQgBpAGsAZQBTAHkAcwB0AGUAbQBfAEMASQBSAFIARQBMAFQALQAyADAAMQAyAC0AMAA5AC4AcABkAGYADwAaAAwATQBhAGMAaQBuAHQAbwBzAGgAIABIAEQAEgBuVXNlcnMvSnVzdGUvRG9jdW1lbnRzL0NvdXJzL1BJTC9EaXNjcmV0ZUNob2ljZXNCaWtlU2hhcmluZy9CaWJsaW8vRG9jcy9CYWxhbmNpbmdCaWtlU3lzdGVtX0NJUlJFTFQtMjAxMi0wOS5wZGYAEwABLwAAFQACAAz//wAA0hscHR5aJGNsYXNzbmFtZVgkY2xhc3Nlc11OU011dGFibGVEYXRhox0fIFZOU0RhdGFYTlNPYmplY3TSGxwiI1xOU0RpY3Rpb25hcnmiIiBfEA9OU0tleWVkQXJjaGl2ZXLRJidUcm9vdIABAAgAEQAaACMALQAyADcAQABGAE0AVABcAGcAaQBsAG4AcABzAHUAdwCEAI4AvQDCAMoAzAMeAyMDLgM3A0UDSQNQA1kDXgNrA24DgAODA4gAAAAAAAACAQAAAAAAAAAoAAAAAAAAAAAAAAAAAAADig==}}

@inproceedings{chemla2011balancing,
	Author = {Chemla, Daniel and Meunier, Fr{\'e}d{\'e}ric and Calvo, R Wolfler},
	Booktitle = {In proceedings of Congres annuel de la soci{\'e}t{\'e} Fran{\c{c}}aise de recherche op{\'e}rationelle et d'aidea la d{\'e}cision, ROADEF2011, Saint-Etienne, France},
	Date-Added = {2014-03-20 07:46:09 +0000},
	Date-Modified = {2014-03-20 07:46:09 +0000},
	Title = {Balancing a bike-sharing system with multiple vehicles},
	Year = {2011},
	Bdsk-File-1 = {YnBsaXN0MDDUAQIDBAUGJCVYJHZlcnNpb25YJG9iamVjdHNZJGFyY2hpdmVyVCR0b3ASAAGGoKgHCBMUFRYaIVUkbnVsbNMJCgsMDRBWJGNsYXNzV05TLmtleXNaTlMub2JqZWN0c4AHog4PgAKAA6IREoAEgAVccmVsYXRpdmVQYXRoWWFsaWFzRGF0YV8QGERvY3MvYWJzdHJhY3RfY2hlbWxhLnBkZtIJFxgZV05TLmRhdGGABk8RAgYAAAAAAgYAAgAADE1hY2ludG9zaCBIRAAAAAAAAAAAAAAAAAAAAMpBBgxIKwAAAY3M0BNhYnN0cmFjdF9jaGVtbGEucGRmAAAAAAAAAAAAAAAAAAAAAAAAAAAAAAAAAAAAAAAAAAAAAAAAAAAAAAAAAAABj6Ktz1Ba6QAAAAAAAAAAAAEAAwAACSAAAAAAAAAAAAAAAAAAAAAERG9jcwAQAAgAAMpA6ewAAAARAAgAAM9QTNkAAAABACABjczQAY3MyAHyNuwBjbi0AAY1iAAFAhUABQIUAAC+7AACAG9NYWNpbnRvc2ggSEQ6VXNlcnM6AEp1c3RlOgBEb2N1bWVudHM6AENvdXJzOgBQSUw6AERpc2NyZXRlQ2hvaWNlc0Jpa2VTaGFyaW5nOgBCaWJsaW86AERvY3M6AGFic3RyYWN0X2NoZW1sYS5wZGYAAA4AKAATAGEAYgBzAHQAcgBhAGMAdABfAGMAaABlAG0AbABhAC4AcABkAGYADwAaAAwATQBhAGMAaQBuAHQAbwBzAGgAIABIAEQAEgBaVXNlcnMvSnVzdGUvRG9jdW1lbnRzL0NvdXJzL1BJTC9EaXNjcmV0ZUNob2ljZXNCaWtlU2hhcmluZy9CaWJsaW8vRG9jcy9hYnN0cmFjdF9jaGVtbGEucGRmABMAAS8AABUAAgAM//8AANIbHB0eWiRjbGFzc25hbWVYJGNsYXNzZXNdTlNNdXRhYmxlRGF0YaMdHyBWTlNEYXRhWE5TT2JqZWN00hscIiNcTlNEaWN0aW9uYXJ5oiIgXxAPTlNLZXllZEFyY2hpdmVy0SYnVHJvb3SAAQAIABEAGgAjAC0AMgA3AEAARgBNAFQAXABnAGkAbABuAHAAcwB1AHcAhACOAKkArgC2ALgCwgLHAtIC2wLpAu0C9AL9AwIDDwMSAyQDJwMsAAAAAAAAAgEAAAAAAAAAKAAAAAAAAAAAAAAAAAAAAy4=},
	Bdsk-File-2 = {YnBsaXN0MDDUAQIDBAUGJCVYJHZlcnNpb25YJG9iamVjdHNZJGFyY2hpdmVyVCR0b3ASAAGGoKgHCBMUFRYaIVUkbnVsbNMJCgsMDRBWJGNsYXNzV05TLmtleXNaTlMub2JqZWN0c4AHog4PgAKAA6IREoAEgAVccmVsYXRpdmVQYXRoWWFsaWFzRGF0YV8QHERvY3MvcHJlc2VudGF0aW9uX2NoZW1sYS5wZGbSCRcYGVdOUy5kYXRhgAZPEQIWAAAAAAIWAAIAAAxNYWNpbnRvc2ggSEQAAAAAAAAAAAAAAAAAAADKQQYMSCsAAAGNzNAXcHJlc2VudGF0aW9uX2NoZW1sYS5wZGYAAAAAAAAAAAAAAAAAAAAAAAAAAAAAAAAAAAAAAAAAAAAAAAAAAAAAAY+jhc9QWykAAAAAAAAAAAABAAMAAAkgAAAAAAAAAAAAAAAAAAAABERvY3MAEAAIAADKQOnsAAAAEQAIAADPUE0ZAAAAAQAgAY3M0AGNzMgB8jbsAY24tAAGNYgABQIVAAUCFAAAvuwAAgBzTWFjaW50b3NoIEhEOlVzZXJzOgBKdXN0ZToARG9jdW1lbnRzOgBDb3VyczoAUElMOgBEaXNjcmV0ZUNob2ljZXNCaWtlU2hhcmluZzoAQmlibGlvOgBEb2NzOgBwcmVzZW50YXRpb25fY2hlbWxhLnBkZgAADgAwABcAcAByAGUAcwBlAG4AdABhAHQAaQBvAG4AXwBjAGgAZQBtAGwAYQAuAHAAZABmAA8AGgAMAE0AYQBjAGkAbgB0AG8AcwBoACAASABEABIAXlVzZXJzL0p1c3RlL0RvY3VtZW50cy9Db3Vycy9QSUwvRGlzY3JldGVDaG9pY2VzQmlrZVNoYXJpbmcvQmlibGlvL0RvY3MvcHJlc2VudGF0aW9uX2NoZW1sYS5wZGYAEwABLwAAFQACAAz//wAA0hscHR5aJGNsYXNzbmFtZVgkY2xhc3Nlc11OU011dGFibGVEYXRhox0fIFZOU0RhdGFYTlNPYmplY3TSGxwiI1xOU0RpY3Rpb25hcnmiIiBfEA9OU0tleWVkQXJjaGl2ZXLRJidUcm9vdIABAAgAEQAaACMALQAyADcAQABGAE0AVABcAGcAaQBsAG4AcABzAHUAdwCEAI4ArQCyALoAvALWAtsC5gLvAv0DAQMIAxEDFgMjAyYDOAM7A0AAAAAAAAACAQAAAAAAAAAoAAAAAAAAAAAAAAAAAAADQg==}}

@techreport{students2013models,
	Author = {Horel, Enguerran and Rey, Julien and Ferr{\'e}, Gr{\'e}goire and El Omari, Joris},
	Date-Added = {2014-03-18 15:38:51 +0000},
	Date-Modified = {2014-03-18 15:43:17 +0000},
	Institution = {Ecole Nationale des Ponts et Chauss{\'e}es},
	Title = {Synth{\'e}tiser une population},
	Year = {2013},
	Bdsk-File-1 = {YnBsaXN0MDDUAQIDBAUGJCVYJHZlcnNpb25YJG9iamVjdHNZJGFyY2hpdmVyVCR0b3ASAAGGoKgHCBMUFRYaIVUkbnVsbNMJCgsMDRBWJGNsYXNzV05TLmtleXNaTlMub2JqZWN0c4AHog4PgAKAA6IREoAEgAVccmVsYXRpdmVQYXRoWWFsaWFzRGF0YV8QOERvY3MvUG9wdWxhdGlvblN5bnRoZXRpc2F0aW9uU3R1ZGVudHNSZXBvcnRfQVRUMDAwMTcucGRm0gkXGBlXTlMuZGF0YYAGTxECcgAAAAACcgACAAAMTWFjaW50b3NoIEhEAAAAAAAAAAAAAAAAAAAAykEGDEgrAAABjczQH1BvcHVsYXRpb25TeW50aGV0aXMjMThEQ0NCNy5wZGYAAAAAAAAAAAAAAAAAAAAAAAAAAAAAAAAAAAAAAAAAAAGNzLfPTibfAAAAAAAAAAAAAQADAAAJIAAAAAAAAAAAAAAAAAAAAAREb2NzABAACAAAykDp7AAAABEACAAAz04YzwAAAAEAIAGNzNABjczIAfI27AGNuLQABjWIAAUCFQAFAhQAAL7sAAIAe01hY2ludG9zaCBIRDpVc2VyczoASnVzdGU6AERvY3VtZW50czoAQ291cnM6AFBJTDoARGlzY3JldGVDaG9pY2VzQmlrZVNoYXJpbmc6AEJpYmxpbzoARG9jczoAUG9wdWxhdGlvblN5bnRoZXRpcyMxOERDQ0I3LnBkZgAADgBoADMAUABvAHAAdQBsAGEAdABpAG8AbgBTAHkAbgB0AGgAZQB0AGkAcwBhAHQAaQBvAG4AUwB0AHUAZABlAG4AdABzAFIAZQBwAG8AcgB0AF8AQQBUAFQAMAAwADAAMQA3AC4AcABkAGYADwAaAAwATQBhAGMAaQBuAHQAbwBzAGgAIABIAEQAEgB6VXNlcnMvSnVzdGUvRG9jdW1lbnRzL0NvdXJzL1BJTC9EaXNjcmV0ZUNob2ljZXNCaWtlU2hhcmluZy9CaWJsaW8vRG9jcy9Qb3B1bGF0aW9uU3ludGhldGlzYXRpb25TdHVkZW50c1JlcG9ydF9BVFQwMDAxNy5wZGYAEwABLwAAFQACAAz//wAA0hscHR5aJGNsYXNzbmFtZVgkY2xhc3Nlc11OU011dGFibGVEYXRhox0fIFZOU0RhdGFYTlNPYmplY3TSGxwiI1xOU0RpY3Rpb25hcnmiIiBfEA9OU0tleWVkQXJjaGl2ZXLRJidUcm9vdIABAAgAEQAaACMALQAyADcAQABGAE0AVABcAGcAaQBsAG4AcABzAHUAdwCEAI4AyQDOANYA2ANOA1MDXgNnA3UDeQOAA4kDjgObA54DsAOzA7gAAAAAAAACAQAAAAAAAAAoAAAAAAAAAAAAAAAAAAADug==}}
