@inproceedings{bonin2012modele,
	Author = {Bonin, Olivier and Hubert, Jean-Paul and others},
	Booktitle = {49{\`e} colloque de l'ASRDLF},
	Title = {Mod{\`e}le de morphog{\'e}n{\`e}se urbaine: simulation d'espaces qualitativement diff{\'e}renci{\'e}s dans le cadre du mod{\`e}le de l'{\'e}conomie urbaine},
	Year = {2012}}